%%%%%%%%%%%%%%%%% epilepsy EPG %%%%%%%%%%%%%%%%%%%%
@article{costard2019electrical,
	title={Electrical stimulation of the ventral hippocampal commissure delays experimental epilepsy and is associated with altered microRNA expression},
	author={Costard, Lara S and Neubert, Valentin and Ven{\o}, Morten T and Su, Junyi and Kjems, J{\o}rgen and Connolly, Niamh MC and Prehn, Jochen HM and Schratt, Gerhard and Henshall, David C and Rosenow, Felix and others},
	journal={Brain Stimulation},
	volume={12},
	number={6},
	pages={1390--1401},
	year={2019},
	publisher={Elsevier}
}
@article{loscher2019holy,
	title={{The holy grail of epilepsy prevention: Preclinical approaches to antiepileptogenic treatments}},
	author={L{\"o}scher, Wolfgang},
	journal={Neuropharmacology},
	volume={167},
	pages={107605},
	year={2019},
	publisher={Elsevier}
}
@article{moshe2015epilepsy,
	title={{Epilepsy: new advances}},
	author={Mosh{\'e}, Solomon L and Perucca, Emilio and Ryvlin, Philippe and Tomson, Torbj{\"o}rn},
	journal={The Lancet},
	volume={385},
	number={9971},
	pages={884--898},
	year={2015},
	publisher={Elsevier}
}
@article{guerreiro2016epilepsy,
	title={{Epilepsy: Is there hope?}},
	author={Guerreiro, Carlos AM},
	journal={The Indian journal of medical research},
	volume={144},
	number={5},
	pages={657},
	year={2016},
	publisher={Wolters Kluwer--Medknow Publications}
}
@article{sperling1999seizure,
	title={{Seizure control and mortality in epilepsy}},
	author={Sperling, Michael R and Feldman, Harold and Kinman, Judith and Liporace, Joyce D and O'Connor, Michael J},
	journal={Annals of neurology},
	volume={46},
	number={1},
	pages={45--50},
	year={1999},
	publisher={Wiley Online Library}
}
@article{semah1998underlying,
	title={{Is the underlying cause of epilepsy a major prognostic factor for recurrence?}},
	author={Semah, F and Picot, M-C and Adam, C and Broglin, D and Arzimanoglou, A and Bazin, B and Cavalcanti, D and Baulac, M},
	journal={Neurology},
	volume={51},
	number={5},
	pages={1256--1262},
	year={1998},
	publisher={AAN Enterprises}
}  
@article{harvey1997temporal,
	title={{Temporal lobe epilepsy in childhood: clinical, EEG, and neuroimaging findings and syndrome classification in a cohort with new-onset seizures}},
	author={Harvey, A Simon and Berkovic, Samuel F and Wrennall, Jacqueline A and Hopkins, Ian J},
	journal={Neurology},
	volume={49},
	number={4},
	pages={960--968},
	year={1997},
	publisher={AAN Enterprises}
}
@article{kwan2000early,
	title={{Early identification of refractory epilepsy}},
	author={Kwan, Patrick and Brodie, Martin J},
	journal={New England Journal of Medicine},
	volume={342},
	number={5},
	pages={314--319},
	year={2000},
	publisher={Mass Medical Soc}
}

@article{pitkanen2014past,
	title={{Past and present definitions of epileptogenesis and its biomarkers}},
	author={Pitk{\"a}nen, Asla and Engel, Jerome},
	journal={Neurotherapeutics},
	volume={11},
	number={2},
	pages={231--241},
	year={2014},
	publisher={Springer}
}
@article{pitkanen2016advances,
	title={{Advances in the development of biomarkers for epilepsy}},
	author={Pitk{\"a}nen, Asla and L{\"o}scher, Wolfgang and Vezzani, Annamaria and Becker, Albert J and Simonato, Michele and Lukasiuk, Katarzyna and Gr{\"o}hn, Olli and Bankstahl, Jens P and Friedman, Alon and Aronica, Eleonora and others},
	journal={The Lancet Neurology},
	volume={15},
	number={8},
	pages={843--856},
	year={2016},
	publisher={Elsevier}
}
@article{smith2005eeg,
	title={{EEG in the diagnosis, classification, and management of patients with epilepsy}},
	author={Smith, SJM},
	journal={Journal of Neurology, Neurosurgery \& Psychiatry},
	volume={76},
	number={suppl 2},
	pages={ii2--ii7},
	year={2005},
	publisher={BMJ Publishing Group Ltd}
}
@inproceedings{lu2020staging,
	title={Staging Epileptogenesis with Deep Neural Networks},
	author={Lu, Diyuan and Bauer, Sebastian and Neubert, Valentin and Costard, Lara Sophie and Rosenow, Felix and Triesch, Jochen},
	booktitle={Proceedings of the 11th ACM International Conference on Bioinformatics, Computational Biology and Health Informatics},
	pages={1--10},
	year={2020}
	}
@article{straka2018characterizing,
title={Characterizing longitudinal changes in the impedance spectra of in-vivo peripheral nerve electrodes},
author={Straka, Malgorzata M and Shafer, Benjamin and Vasudevan, Srikanth and Welle, Cristin and Rieth, Loren},
journal={Micromachines},
volume={9},
number={11},
pages={587},
year={2018},
publisher={Multidisciplinary Digital Publishing Institute}
}
@article{rizzi2019changes,
title={{Changes of dimension of EEG/ECoG nonlinear dynamics predict epileptogenesis and therapy outcomes}},
author={Rizzi, Massimo and Brandt, Claudia and Weissberg, Itai and Milikovsky, Dan Z and Pauletti, Alberto and Terrone, Gaetano and Salamone, Alessia and Frigerio, Federica and L{\"o}scher, Wolfgang and Friedman, Alon and others},
journal={Neurobiology of disease},
volume={124},
pages={373--378},
year={2019},
publisher={Elsevier}
}
%%%%%%%% End of Epilepsy  %%%%%%%%%%%%%%%%%%%%%%%%%%
%%%%%%%%%%%%% AD  for medicine %%%%%%%%%%%%%%
@inproceedings{2013Sensor,
title={Sensor fault and patient anomaly detection and classification in medical wireless sensor networks},
author={ Salem, Osman  and  Guerassimov, Alexey  and  Mehaoua, Ahmed  and  Marcus, Anthony  and  Furht, Borko },
booktitle={IEEE International Conference on Communications},
year={2013},
}
@article{Salem2013SensorFA,
title={Sensor fault and patient anomaly detection and classification in medical wireless sensor networks},
author={O. Salem and Alexey Guerassimov and A. Mehaoua and A. Marcus and B. Furht},
journal={2013 IEEE International Conference on Communications (ICC)},
year={2013},
pages={4373-4378}
}
@article{2020Deep,
title={Deep Learning for Medical Anomaly Detection -- A Survey},
author={ Fernando, Tharindu  and  Gammulle, Harshala  and  Denman, Simon  and  Sridharan, Sridha  and  Fookes, Clinton },
journal={arXiv preprint arXiv:2012.02364},
year={2020},
}
@inproceedings{schlegl2017unsupervised,
title={Unsupervised anomaly detection with generative adversarial networks to guide marker discovery},
author={Schlegl, Thomas and Seeb{\"o}ck, Philipp and Waldstein, Sebastian M and Schmidt-Erfurth, Ursula and Langs, Georg},
booktitle={International conference on information processing in medical imaging},
pages={146--157},
year={2017},
organization={Springer}
}
@inproceedings{zhou2019beatgan,
	title={{BeatGAN: Anomalous Rhythm Detection using Adversarially Generated Time Series}},
	author={Zhou, Bin and Liu, Shenghua and Hooi, Bryan and Cheng, Xueqi and Ye, Jing},
	booktitle={IJCAI},
	pages={4433--4439},
	year={2019}
}
%%%%%%% End of AD for medicine %%%%%%%%%%%%%%%%%%%%
%%%%%%%%%%%%%%% anomaly detection in general%%%%%%%%%%%%%%
@article{ELGER2018279,
	title = {Diagnostic challenges in epilepsy: seizure under-reporting and seizure detection},
	journal = {The Lancet Neurology},
	volume = {17},
	number = {3},
	pages = {279-288},
	year = {2018},
	issn = {1474-4422},
	doi = {https://doi.org/10.1016/S1474-4422(18)30038-3},
	url = {https://www.sciencedirect.com/science/article/pii/S1474442218300383},
	author = {Christian E Elger and Christian Hoppe},
}
@inproceedings{NEURIPS2019_805163a0,
author = {Gu, Xiaoyi and Akoglu, Leman and Rinaldo, Alessandro},
booktitle = {{Advances in Neural Information Processing Systems}},
editor = {H. Wallach and H. Larochelle and A. Beygelzimer and F. d\textquotesingle Alch\'{e}-Buc and E. Fox and R. Garnett},
pages = {10923--10933},
publisher = {Curran Associates, Inc.},
title = {Statistical Analysis of Nearest Neighbor Methods for Anomaly Detection},
url = {https://proceedings.neurips.cc/paper/2019/file/805163a0f0f128e473726ccda5f91bac-Paper.pdf},
volume = {32},
year = {2019}
}

@book{adams1995hitchhiker,
title={The Hitchhiker's Guide to the Galaxy},
author={Adams, D.},
isbn={9781417642595},
url={http://books.google.com/books?id=W-xMPgAACAAJ},
year={1995},
publisher={San Val}
}
@article{ruff2020rethinking,
title={Rethinking Assumptions in Deep Anomaly Detection},
author={Ruff, Lukas and Vandermeulen, Robert A and Franks, Billy Joe and M{\"u}ller, Klaus-Robert and Kloft, Marius},
journal={arXiv preprint arXiv:2006.00339},
year={2020}
}
@article{ruff2019deep,
title={Deep semi-supervised anomaly detection},
author={Ruff, Lukas and Vandermeulen, Robert A and G{\"o}rnitz, Nico and Binder, Alexander and M{\"u}ller, Emmanuel and M{\"u}ller, Klaus-Robert and Kloft, Marius},
journal={arXiv preprint arXiv:1906.02694},
year={2019}
}
@inproceedings{ruff2018deep,
title={Deep one-class classification},
author={Ruff, Lukas and Vandermeulen, Robert and Goernitz, Nico and Deecke, Lucas and Siddiqui, Shoaib Ahmed and Binder, Alexander and M{\"u}ller, Emmanuel and Kloft, Marius},
booktitle={{International Conference on Machine Learning}},
pages={4393--4402},
year={2018}
}
@inproceedings{ma2003time,
title={Time-series novelty detection using one-class support vector machines},
author={Ma, Junshui and Perkins, Simon},
booktitle={Proceedings of the International Joint Conference on Neural Networks, 2003.},
volume={3},
pages={1741--1745},
year={2003},
organization={IEEE}
}
@inproceedings{ruff2019self, 
title={Self-attentive, multi-context one-class classification for unsupervised anomaly detection on text},
author={Ruff, Lukas and Zemlyanskiy, Yury and Vandermeulen, Robert and Schnake, Thomas and Kloft, Marius},
booktitle={Proceedings of the 57th Annual Meeting of the Association for Computational Linguistics},
pages={4061--4071},
year={2019}
}
@article{serra2019input,
title={Input complexity and out-of-distribution detection with likelihood-based generative models},
author={Serr{\`a}, Joan and {\'A}lvarez, David and G{\'o}mez, Vicen{\c{c}} and Slizovskaia, Olga and N{\'u}{\~n}ez, Jos{\'e} F and Luque, Jordi},
journal={arXiv preprint arXiv:1909.11480},
year={2019}
}
@inproceedings{lu2020towards,
title={Towards Early Diagnosis of Epilepsy from EEG Data},
author={Lu, Diyuan and Bauer, Sebastian and Neubert, Valentin and Costard, Laura Sophie and Rosenow, Felix and Triesch, Jochen},
booktitle={Machine Learning for Healthcare Conference},
pages={80--96},
year={2020},
organization={PMLR}
}
@article{hendrycks2016baseline,
title={A baseline for detecting misclassified and out-of-distribution examples in neural networks},
author={Hendrycks, Dan and Gimpel, Kevin},
journal={arXiv preprint arXiv:1610.02136},
year={2016}
}
@article{hendrycks2018deep,
title={Deep anomaly detection with outlier exposure},
author={Hendrycks, Dan and Mazeika, Mantas and Dietterich, Thomas},
journal={arXiv preprint arXiv:1812.04606},
year={2018}
}
@inproceedings{kim2019rapp,
title={RaPP: Novelty Detection with Reconstruction along Projection Pathway},
author={Kim, Ki Hyun and Shim, Sangwoo and Lim, Yongsub and Jeon, Jongseob and Choi, Jeongwoo and Kim, Byungchan and Yoon, Andre S},
booktitle={International Conference on Learning Representations},
year={2019}
}
@inproceedings{kingma2018glow,
title={{Glow: Generative flow with invertible 1x1 convolutions}},
author={Kingma, Durk P and Dhariwal, Prafulla},
booktitle={{Advances in Neural Information Processing Systems}},
pages={10215--10224},
year={2018}
}
@article{lee2017training,
title={Training confidence-calibrated classifiers for detecting out-of-distribution samples},
author={Lee, Kimin and Lee, Honglak and Lee, Kibok and Shin, Jinwoo},
journal={arXiv preprint arXiv:1711.09325},
year={2017}
}
@article{pidhorskyi2018generative,
title={Generative probabilistic novelty detection with adversarial autoencoders},
author={Pidhorskyi, Stanislav and Almohsen, Ranya and Doretto, Gianfranco},
journal={{Advances in Neural Information Processing Systems}},
volume={31},
pages={6822--6833},
year={2018}
}
@article{malhotra2016lstm,
title={LSTM-based encoder-decoder for multi-sensor anomaly detection},
author={Malhotra, Pankaj and Ramakrishnan, Anusha and Anand, Gaurangi and Vig, Lovekesh and Agarwal, Puneet and Shroff, Gautam},
journal={arXiv preprint arXiv:1607.00148},
year={2016}
}
@inproceedings{su2019robust,
title={Robust anomaly detection for multivariate time series through stochastic recurrent neural network},
author={Su, Ya and Zhao, Youjian and Niu, Chenhao and Liu, Rong and Sun, Wei and Pei, Dan},
booktitle={Proceedings of the 25th ACM SIGKDD International Conference on Knowledge Discovery \& Data Mining},
pages={2828--2837},
year={2019}
}
@inproceedings{abati2019latent,
title={Latent space autoregression for novelty detection},
author={Abati, Davide and Porrello, Angelo and Calderara, Simone and Cucchiara, Rita},
booktitle={Proceedings of the IEEE/CVF Conference on Computer Vision and Pattern Recognition},
pages={481--490},
year={2019}
}
@inproceedings{zhang2019deep,
title={{A deep neural network for unsupervised anomaly detection and diagnosis in multivariate time series data}},
author={Zhang, Chuxu and Song, Dongjin and Chen, Yuncong and Feng, Xinyang and Lumezanu, Cristian and Cheng, Wei and Ni, Jingchao and Zong, Bo and Chen, Haifeng and Chawla, Nitesh V},
booktitle={Proceedings of the AAAI Conference on Artificial Intelligence},
volume={33},
pages={1409--1416},
year={2019}
}
@article{qin2017dual,
title={A dual-stage attention-based recurrent neural network for time series prediction},
author={Qin, Yao and Song, Dongjin and Chen, Haifeng and Cheng, Wei and Jiang, Guofei and Cottrell, Garrison},
journal={arXiv preprint arXiv:1704.02971},
year={2017}
}
@article{shen2020timeseries,
title={Timeseries Anomaly Detection using Temporal Hierarchical One-Class Network},
author={Shen, Lifeng and Li, Zhuocong and Kwok, James},
journal={NIPS 2020},
year={2020}
}
@inproceedings{menon2018loss,
title={A loss framework for calibrated anomaly detection},
author={Menon, Aditya Krishna and Williamson, Robert C},
booktitle={Proceedings of the 32nd International Conference on Neural Information Processing Systems},
pages={1494--1504},
year={2018}
}
@article{kumagai2019transfer,
title={Transfer anomaly detection by inferring latent domain representations},
author={Kumagai, Atsutoshi and Iwata, Tomoharu and Fujiwara, Yasuhiro},
journal={Advances in neural information processing systems},
volume={32},
pages={2471--2481},
year={2019}
}
@article{schirrmeister2020understanding,
title={Understanding anomaly detection with deep invertible networks through hierarchies of distributions and features},
author={Schirrmeister, Robin Tibor and Zhou, Yuxuan and Ball, Tonio and Zhang, Dan},
journal={arXiv preprint arXiv:2006.10848},
year={2020}
}
@inproceedings{laptev2015generic,
title={Generic and scalable framework for automated time-series anomaly detection},
author={Laptev, Nikolay and Amizadeh, Saeed and Flint, Ian},
booktitle={Proceedings of the 21th ACM SIGKDD international conference on knowledge discovery and data mining},
pages={1939--1947},
year={2015}
}
@article{gopalan2019pidforest,
title={Pidforest: anomaly detection via partial identification},
author={Gopalan, Parikshit and Sharan, Vatsal and Wieder, Udi},
journal={arXiv preprint arXiv:1912.03582},
year={2019}
}
@article{ren2019likelihood,
title={Likelihood ratios for out-of-distribution detection},
author={Ren, Jie and Liu, Peter J and Fertig, Emily and Snoek, Jasper and Poplin, Ryan and DePristo, Mark A and Dillon, Joshua V and Lakshminarayanan, Balaji},
journal={arXiv preprint arXiv:1906.02845},
year={2019}
}
@article{shipmon2017time,
title={Time series anomaly detection: Detection of anomalous drops with limited features and sparse examples in noisy periodic data},
author={Shipmon, Dominique and Gurevitch, Jason and Piselli, Paolo M and Edwards, Steve},
year={2017}
}
% for evolving data
@inproceedings{kalinichenko2014methods,
title={Methods for anomaly detection: A survey},
author={Kalinichenko, Leonid and Shanin, Ivan and Taraban, Ilia},
booktitle={CEUR Workshop Proceedings},
volume={1297},
pages={2025},
year={2014}
}
% medical
@inproceedings{salem2013sensor,
title={Sensor fault and patient anomaly detection and classification in medical wireless sensor networks},
author={Salem, Osman and Guerassimov, Alexey and Mehaoua, Ahmed and Marcus, Anthony and Furht, Borko},
booktitle={2013 IEEE international conference on communications (ICC)},
pages={4373--4378},
year={2013},
organization={IEEE}
}
%%%%%%% End of Anomaly detection %%%%%%%%%%%%%%%%%%%%
%%%%%%% adversarial autoencoder %%%%%%%%%%%%%%%%%%
@article{makhzani2015adversarial,
title={Adversarial autoencoders},
author={Makhzani, Alireza and Shlens, Jonathon and Jaitly, Navdeep and Goodfellow, Ian and Frey, Brendan},
journal={arXiv preprint arXiv:1511.05644},
year={2015}
}
@article{schreyer2019detection,
title={Detection of accounting anomalies in the latent space using adversarial autoencoder neural networks},
author={Schreyer, Marco and Sattarov, Timur and Schulze, Christian and Reimer, Bernd and Borth, Damian},
journal={arXiv preprint arXiv:1908.00734},
year={2019}
}

@article{Hinton2006,
author = {Hinton, G. E. and Salakhutdinov, R. R.},
doi = {10.1126/science.1127647},
issn = {00368075},
journal = {Science},
number = {5786},
pages = {504--507},
pmid = {16873662},
title = {{Reducing the dimensionality of data with neural networks}},
volume = {313},
year = {2006}
}
@article{Kingma2013,
archivePrefix = {arXiv},
arxivId = {1312.6114},
author = {Kingma, Diederik P and Welling, Max},
doi = {10.1051/0004-6361/201527329},
eprint = {1312.6114},
isbn = {1312.6114v10},
issn = {1312.6114v10},
pmid = {23459267},
journal={arXiv preprint arXiv:1312.6114},
title = {{Auto-Encoding Variational Bayes}},
url = {http://arxiv.org/abs/1312.6114},
year = {2013}
}
